%YAML 1.1
%TAG !u! tag:unity3d.com,2011:
--- !u!1001 &100100000
Prefab:
  m_ObjectHideFlags: 1
  serializedVersion: 2
  m_Modification:
    m_TransformParent: {fileID: 0}
    m_Modifications: []
    m_RemovedComponents: []
  m_SourcePrefab: {fileID: 0}
  m_RootGameObject: {fileID: 1081249671332882}
  m_IsPrefabAsset: 1
--- !u!1 &1081249671332882
GameObject:
  m_ObjectHideFlags: 0
  m_CorrespondingSourceObject: {fileID: 0}
  m_PrefabInternal: {fileID: 100100000}
  serializedVersion: 6
  m_Component:
  - component: {fileID: 4487740488447550}
  - component: {fileID: 114790147488590628}
  - component: {fileID: 114293022863772584}
  m_Layer: 16
  m_Name: GameManager
  m_TagString: GameManager
  m_Icon: {fileID: 0}
  m_NavMeshLayer: 0
  m_StaticEditorFlags: 4294967295
  m_IsActive: 1
--- !u!4 &4487740488447550
Transform:
  m_ObjectHideFlags: 1
  m_CorrespondingSourceObject: {fileID: 0}
  m_PrefabInternal: {fileID: 100100000}
  m_GameObject: {fileID: 1081249671332882}
  m_LocalRotation: {x: 0, y: 0, z: 0, w: 1}
  m_LocalPosition: {x: 0, y: 0, z: 0}
  m_LocalScale: {x: 1, y: 1, z: 1}
  m_Children: []
  m_Father: {fileID: 0}
  m_RootOrder: 0
  m_LocalEulerAnglesHint: {x: 0, y: 0, z: 0}
--- !u!114 &114293022863772584
MonoBehaviour:
  m_ObjectHideFlags: 1
  m_CorrespondingSourceObject: {fileID: 0}
  m_PrefabInternal: {fileID: 100100000}
  m_GameObject: {fileID: 1081249671332882}
  m_Enabled: 1
  m_EditorHideFlags: 0
  m_Script: {fileID: 11500000, guid: c84015a4be0e9da4aba5db45ec485f10, type: 3}
  m_Name: 
  m_EditorClassIdentifier: 
  scoreEffects:
  - scoreBonusQuantity: 0
    scoreType: 1
    scoreBonusEffect: {fileID: 1020497234032662, guid: 055201c2a9a599a49a8e6f5012014aac,
      type: 2}
  - scoreBonusQuantity: 1
    scoreType: 0
    scoreBonusEffect: {fileID: 1555775355121002, guid: b7f88dc6e4ee7854c9420970cc9d4941,
      type: 2}
  - scoreBonusQuantity: 2
    scoreType: 2
    scoreBonusEffect: {fileID: 1103460363931226, guid: c64f9f18df4317e44ab999b52ca1c35f,
      type: 2}
  - scoreBonusQuantity: 2
    scoreType: 4
    scoreBonusEffect: {fileID: 1103460363931226, guid: c64f9f18df4317e44ab999b52ca1c35f,
      type: 2}
  - scoreBonusQuantity: 1
    scoreType: 3
    scoreBonusEffect: {fileID: 0}
  - scoreBonusQuantity: 6
    scoreType: 5
    scoreBonusEffect: {fileID: 1923351294125326, guid: a53680f0554f4884da0ec0e9a53652fd,
      type: 2}
  - scoreBonusQuantity: 6
    scoreType: 6
    scoreBonusEffect: {fileID: 1923351294125326, guid: a53680f0554f4884da0ec0e9a53652fd,
      type: 2}
--- !u!114 &114790147488590628
MonoBehaviour:
  m_ObjectHideFlags: 1
  m_CorrespondingSourceObject: {fileID: 0}
  m_PrefabInternal: {fileID: 100100000}
  m_GameObject: {fileID: 1081249671332882}
  m_Enabled: 1
  m_EditorHideFlags: 0
  m_Script: {fileID: 11500000, guid: 5086b4139496de64eb8b9720b36b0df8, type: 3}
  m_Name: 
  m_EditorClassIdentifier: 
  soundManagerPrefab: {fileID: 1930865676974678, guid: d917b2d066becfd429b9499e8d3f7ec1,
    type: 2}
  wonLastMatch: 0
